<?xml version="1.0" encoding="UTF-8"?><collection xmlns="http://www.loc.gov/MARC21/slim"><record><leader>00276nam--2200109-i-4500</leader><controlfield tag="001">000007153</controlfield><controlfield tag="002">20161230</controlfield><controlfield tag="005">20161230201027</controlfield><controlfield tag="008">060222s1000------------r-----000-0-eng-d</controlfield><datafield ind1=" " ind2=" " tag="245"><subfield code="a">Anuarul statistic al rpr, 1959</subfield></datafield><datafield ind1=" " ind2=" " tag="260"><subfield code="a">Bucuresti, Directia Centrala De Statistica</subfield></datafield><datafield ind1=" " ind2=" " tag="852"><subfield code="a">6126</subfield></datafield></record></collection>